@article {springerlink:10.1007/s00335-009-9222-5,
   author = {Irizarry, Rafael and Wu, Hao and Feinberg, Andrew},
   affiliation = {Johns Hopkins Bloomberg School of Public Health Department of Biostatistics 615 North Wolfe Street, E3620 Baltimore MD 21205 USA},
   title = {A species-generalized probabilistic model-based definition of CpG islands},
   journal = {Mammalian Genome},
   publisher = {Springer New York},
   issn = {0938-8990},
   keyword = {Biomedical and Life Sciences},
   pages = {674-680},
   volume = {20},
   issue = {9},
   url = {http://dx.doi.org/10.1007/s00335-009-9222-5},
   note = {10.1007/s00335-009-9222-5},
   year = {2009}
}