@Comment TeXMed <http://www.bioinformatics.org/texmed/> was used to produce a number of these citations directly from PubMed.

@article {springerlink:10.1007/s00335-009-9222-5,
   author = {Irizarry, Rafael and Wu, Hao and Feinberg, Andrew},
   affiliation = {Johns Hopkins Bloomberg School of Public Health Department of Biostatistics 615 North Wolfe Street, E3620 Baltimore MD 21205 USA},
   title = {A species-generalized probabilistic model-based definition of CpG islands},
   journal = {Mammalian Genome},
   publisher = {Springer New York},
   issn = {0938-8990},
   keyword = {Biomedical and Life Sciences},
   pages = {674-680},
   volume = {20},
   issue = {9},
   url = {http://dx.doi.org/10.1007/s00335-009-9222-5},
   note = {10.1007/s00335-009-9222-5},
   year = {2009}
}

@inproceedings{Alles:2006:PFO:1155439.1155482,
 author = {Alles, Micah and Crosby, David and Erickson, Carl and Harleton, Brian and Marsiglia, Michael and Pattison, Greg and Stienstra, Curt},
 title = {Presenter First: Organizing Complex GUI Applications for Test-Driven Development},
 booktitle = {Proceedings of the conference on AGILE 2006},
 series = {AGILE '06},
 year = {2006},
 isbn = {0-7695-2562-8},
 pages = {276--288},
 numpages = {13},
 url = {http://dx.doi.org/10.1109/AGILE.2006.43},
 doi = {10.1109/AGILE.2006.43},
 acmid = {1155482},
 publisher = {IEEE Computer Society},
 address = {Washington, DC, USA},
}

@Article{pmid11891299,
   Author="Takai, D.  and Jones, P. A. ",
   Title="{{C}omprehensive analysis of {C}p{G} islands in human chromosomes 21 and 22}",
   Journal="Proc. Natl. Acad. Sci. U.S.A.",
   Year="2002",
   Volume="99",
   Number="6",
   Pages="3740--3745",
   Month="Mar"
}

@Article{pmid12954087,
   Author="Takai, D.  and Jones, P. A. ",
   Title="{{T}he {C}p{G} island searcher: a new {W}{W}{W} resource}",
   Journal="In Silico Biol. (Gedrukt)",
   Year="2003",
   Volume="3",
   Number="3",
   Pages="235--240"
}